<record><leader>00000cas a2200000 a 4500</leader><controlfield tag="001">12533470</controlfield><controlfield tag="008">850910d185u186ualudr ne      0    0eng c</controlfield><datafield ind1=" " ind2=" " tag="010"><subfield code="a">sn 85044940 </subfield></datafield><datafield ind1=" " ind2=" " tag="040"><subfield code="a">ALM</subfield><subfield code="b">eng</subfield><subfield code="c">ALM</subfield><subfield code="d">CPN</subfield><subfield code="d">CVF</subfield><subfield code="d">OCLCQ</subfield><subfield code="d">OCLCF</subfield><subfield code="d">OCLCO</subfield></datafield><datafield ind1=" " ind2=" " tag="042"><subfield code="a">pcc</subfield></datafield><datafield ind1=" " ind2=" " tag="043"><subfield code="a">n-us-al</subfield></datafield><datafield ind1="0" ind2=" " tag="130"><subfield code="a">Daily state sentinel (Selma, Ala.)</subfield></datafield><datafield ind1="1" ind2="0" tag="245"><subfield code="a">Daily state sentinel.</subfield></datafield><datafield ind1="1" ind2="3" tag="246"><subfield code="a">Daily sentinel</subfield></datafield><datafield ind1="1" ind2="3" tag="246"><subfield code="a">State sentinel</subfield></datafield><datafield ind1=" " ind2=" " tag="260"><subfield code="a">Selma, Ala. :</subfield><subfield code="b">John Hardy &amp; Co.</subfield></datafield><datafield ind1=" " ind2=" " tag="300"><subfield code="a">v. :</subfield><subfield code="b">ill. ;</subfield><subfield code="c">39-42 cm.</subfield></datafield><datafield ind1=" " ind2=" " tag="310"><subfield code="a">Daily (except Sunday)</subfield></datafield><datafield ind1=" " ind2=" " tag="580"><subfield code="a">Also published in a triweekly edition, and a weekly edition called: Alabama state sentinel.</subfield></datafield><datafield ind1=" " ind2=" " tag="588"><subfield code="a">Description based on: Vol. 2, no. 225 (July 26, 1859).</subfield></datafield><datafield ind1=" " ind2="0" tag="651"><subfield code="a">Selma (Ala.)</subfield><subfield code="v">Newspapers.</subfield></datafield><datafield ind1=" " ind2="7" tag="655"><subfield code="a">Newspapers.</subfield><subfield code="2">fast</subfield><subfield code="0">(OCoLC)fst01423814</subfield></datafield><datafield ind1=" " ind2="7" tag="651"><subfield code="a">Alabama</subfield><subfield code="z">Selma.</subfield><subfield code="2">fast</subfield><subfield code="0">(OCoLC)fst01216305</subfield></datafield><datafield ind1=" " ind2=" " tag="752"><subfield code="a">United States</subfield><subfield code="b">Alabama</subfield><subfield code="c">Dallas</subfield><subfield code="d">Selma.</subfield></datafield><datafield ind1="1" ind2=" " tag="775"><subfield code="t">Alabama state sentinel</subfield><subfield code="w">(DLC)   76644885</subfield></datafield></record>